@article{Example_citation,
  title={Sparse inverse covariance estimation with the graphical lasso},
  author={Friedman, Jerome and Hastie, Trevor and Tibshirani, Robert},
  journal={Biostatistics},
  volume={9},
  number={3},
  pages={432--441},
  year={2008},
  publisher={Oxford University Press}
}